<record><leader>00000cas a2200000 a 4500</leader><controlfield tag="001">70879750</controlfield><controlfield tag="006">m     o  d        </controlfield><controlfield tag="007">cr anu||||||||</controlfield><controlfield tag="008">060811d18651865mousr nso     0    0eng c</controlfield><datafield ind1=" " ind2=" " tag="010"><subfield code="a">  2008266899</subfield></datafield><datafield ind1=" " ind2=" " tag="040"><subfield code="a">APSON</subfield><subfield code="b">eng</subfield><subfield code="c">APSON</subfield><subfield code="d">APSON</subfield><subfield code="d">GUA</subfield><subfield code="d">DLC</subfield><subfield code="d">OCLCQ</subfield><subfield code="d">OCLCF</subfield></datafield><datafield ind1=" " ind2=" " tag="042"><subfield code="a">pcc</subfield></datafield><datafield ind1=" " ind2=" " tag="043"><subfield code="a">n-us-mo</subfield></datafield><datafield ind1="1" ind2="4" tag="050"><subfield code="a">S1</subfield></datafield><datafield ind1="0" ind2=" " tag="130"><subfield code="a">Colman's rural world and valley farmer (Online)</subfield></datafield><datafield ind1="1" ind2="0" tag="245"><subfield code="a">Colman's rural world and valley farmer</subfield><subfield code="h">[electronic resource].</subfield></datafield><datafield ind1="1" ind2="7" tag="246"><subfield code="a">Rural world and valley farmer</subfield></datafield><datafield ind1="1" ind2=" " tag="246"><subfield code="i">Some providers list issues under title:</subfield><subfield code="a">Colman's rural world</subfield></datafield><datafield ind1=" " ind2=" " tag="260"><subfield code="a">St. Louis, Mo. :</subfield><subfield code="b">Benj. Bryan,</subfield><subfield code="c">1865.</subfield></datafield><datafield ind1=" " ind2=" " tag="310"><subfield code="a">Semimonthly</subfield></datafield><datafield ind1="0" ind2=" " tag="362"><subfield code="a">Vol. 17, no. 1 (Jan. 1, 1865)-</subfield></datafield><datafield ind1="1" ind2=" " tag="362"><subfield code="a">Ceased in 1865.</subfield></datafield><datafield ind1=" " ind2=" " tag="500"><subfield code="a">Title from pdf caption (ProQuest APS Online, viewed Nov. 10, 2008).</subfield></datafield><datafield ind1=" " ind2=" " tag="530"><subfield code="a">Also issued in print and on microfilm.</subfield></datafield><datafield ind1=" " ind2=" " tag="538"><subfield code="a">Mode of access: World Wide Web.</subfield></datafield><datafield ind1=" " ind2=" " tag="588"><subfield code="a">Latest issue consulted: Vol. 17, no. 22 (Nov. 15, 1865), viewed Nov. 10, 2008.</subfield></datafield><datafield ind1=" " ind2="0" tag="650"><subfield code="a">Agriculture</subfield><subfield code="v">Newspapers.</subfield></datafield><datafield ind1=" " ind2="0" tag="651"><subfield code="a">Saint Louis (Mo.)</subfield><subfield code="v">Newspapers.</subfield></datafield><datafield ind1=" " ind2="7" tag="655"><subfield code="a">Newspapers.</subfield><subfield code="2">fast</subfield><subfield code="0">(OCoLC)fst01423814</subfield></datafield><datafield ind1=" " ind2="7" tag="650"><subfield code="a">Agriculture.</subfield><subfield code="2">fast</subfield><subfield code="0">(OCoLC)fst00801355</subfield></datafield><datafield ind1=" " ind2="7" tag="651"><subfield code="a">Missouri</subfield><subfield code="z">Saint Louis.</subfield><subfield code="2">fast</subfield><subfield code="0">(OCoLC)fst01204930</subfield></datafield><datafield ind1=" " ind2=" " tag="752"><subfield code="a">United States</subfield><subfield code="b">Missouri</subfield><subfield code="d">Saint Louis.</subfield></datafield><datafield ind1="1" ind2=" " tag="776"><subfield code="t">Colman's rural world and valley farmer</subfield><subfield code="x">2158-4257</subfield><subfield code="w">(DLC)sn 96027709</subfield><subfield code="w">(OCoLC)1564099</subfield></datafield><datafield ind1="0" ind2="0" tag="780"><subfield code="t">Valley farmer (Online)</subfield><subfield code="w">(DLC)  2008266898</subfield><subfield code="w">(OCoLC)70879735</subfield></datafield><datafield ind1="0" ind2="0" tag="785"><subfield code="t">Colman's rural world (Online)</subfield><subfield code="w">(DLC)  2008266900</subfield><subfield code="w">(OCoLC)70879762</subfield></datafield><datafield ind1="4" ind2="0" tag="856"><subfield code="u">http://gateway.proquest.com/openurl?url_ver=Z39.88-2004&amp;res_dat=xri:pqd::hnp&amp;rft_val_fmt=info:ofi/fmt:kev:mtx:journal&amp;rft_dat=xri:pqd:PMID=41536</subfield></datafield></record>